% Insert BibTeX entries here. Tutorial:
% http://www2.galcit.caltech.edu/~jeshep/GraphicsBib/NatBib/NatBib.html
% http://en.wikipedia.org/wiki/BibTeX#Bibliographic_information_file

@inproceedings{skirental,
  title={On-line algorithms versus off-line algorithms: How much is it worth to know the future},
  author={Karp, R.M.},
  booktitle={Proc. IFIP 12th World Computer Congress},
  volume={1},
  number={992},
  pages={1},
  year={1992},
  organization={Madrid, Spain}
}

@article{paging-deterministic,
 author = {Sleator, Daniel D. and Tarjan, Robert E.},
 title = {Amortized efficiency of list update and paging rules},
 journal = {Commun. ACM},
 issue_date = {Feb. 1985},
 volume = {28},
 number = {2},
 month = feb,
 year = {1985},
 issn = {0001-0782},
 pages = {202--208},
 numpages = {7},
 url = {http://doi.acm.org/10.1145/2786.2793},
 doi = {10.1145/2786.2793},
 acmid = {2793},
 publisher = {ACM},
 address = {New York, NY, USA},
}
